<record><leader>00000cas a22000007a 4500</leader><controlfield tag="001">2261426</controlfield><controlfield tag="008">760620d19061925paudr ne      0    0eng d</controlfield><controlfield tag="009">54</controlfield><datafield ind1=" " ind2=" " tag="010"><subfield code="a">sn 84024549 </subfield></datafield><datafield ind1=" " ind2=" " tag="040"><subfield code="a">PIT</subfield><subfield code="b">eng</subfield><subfield code="c">PIT</subfield><subfield code="d">NPV</subfield><subfield code="d">NPH</subfield><subfield code="d">CRL</subfield><subfield code="d">MGN</subfield></datafield><datafield ind1="1" ind2=" " tag="029"><subfield code="a">AU@</subfield><subfield code="b">000025832306</subfield></datafield><datafield ind1=" " ind2=" " tag="042"><subfield code="a">msc</subfield></datafield><datafield ind1="0" ind2=" " tag="130"><subfield code="a">Gazette times (Pittsburgh, Pa.)</subfield></datafield><datafield ind1="0" ind2="4" tag="245"><subfield code="a">The gazette times.</subfield></datafield><datafield ind1="1" ind2="7" tag="246"><subfield code="a">Pittsburgh gazette times</subfield></datafield><datafield ind1=" " ind2=" " tag="250"><subfield code="a">[Daily ed.]</subfield></datafield><datafield ind1=" " ind2=" " tag="260"><subfield code="a">Pittsburgh, Pa. :</subfield><subfield code="b">Pittsburgh Commercial Gazette Inc.,</subfield><subfield code="c">1906-1925.</subfield></datafield><datafield ind1=" " ind2=" " tag="300"><subfield code="a">21 v. :</subfield><subfield code="b">ill. ;</subfield><subfield code="c">66 cm.</subfield></datafield><datafield ind1=" " ind2=" " tag="310"><subfield code="a">Daily</subfield></datafield><datafield ind1="0" ind2=" " tag="362"><subfield code="a">Vol. 120, no. 277 (May 1, 1906)-[v. 140, no. 8] (Aug. 5, 1925).</subfield></datafield><datafield ind1=" " ind2=" " tag="752"><subfield code="a">United States</subfield><subfield code="b">Pennsylvania</subfield><subfield code="c">Allegheny</subfield><subfield code="d">Pittsburgh.</subfield></datafield><datafield ind1="0" ind2="4" tag="780"><subfield code="t">Pittsburg times (Pittsburgh, Pa. : 1886)</subfield><subfield code="w">(DLC)sn 86081782</subfield><subfield code="w">(OCoLC)14196730</subfield></datafield><datafield ind1="0" ind2="4" tag="780"><subfield code="t">Pittsburgh gazette (Pittsburgh, Pa. : 1901 : Daily)</subfield><subfield code="w">(DLC)sn 85054511</subfield><subfield code="w">(OCoLC)11880240</subfield></datafield><datafield ind1="0" ind2="0" tag="785"><subfield code="t">Pittsburgh gazette times</subfield><subfield code="w">(OCoLC)2266169</subfield><subfield code="w">(DLC)sn 84024548</subfield></datafield></record>